<?xml version="1.0" encoding="UTF-8"?><record xmlns="http://www.loc.gov/MARC21/slim" xmlns:cinclude="http://apache.org/cocoon/include/1.0" xmlns:zs="http://www.loc.gov/zing/srw/">
  <leader>01543cz  a2200277n  4500</leader>
  <controlfield tag="001">nb2012008516</controlfield>
  <controlfield tag="003">DLC</controlfield>
  <controlfield tag="005">20140814051019.0</controlfield>
  <controlfield tag="008">120329n| azannaabn          |n aaa      </controlfield>
  <datafield tag="010" ind1=" " ind2=" ">
    <subfield code="a">nb2012008516</subfield>
  </datafield>
  <datafield tag="035" ind1=" " ind2=" ">
    <subfield code="a">(Uk)008436235</subfield>
  </datafield>
  <datafield tag="040" ind1=" " ind2=" ">
    <subfield code="a">Uk</subfield>
    <subfield code="b">eng</subfield>
    <subfield code="e">rda</subfield>
    <subfield code="c">Uk</subfield>
    <subfield code="d">Uk</subfield>
  </datafield>
  <datafield tag="046" ind1=" " ind2=" ">
    <subfield code="f">19700508</subfield>
  </datafield>
  <datafield tag="100" ind1="1" ind2=" ">
    <subfield code="a">Jackson, Lee,</subfield>
    <subfield code="d">1970-</subfield>
  </datafield>
  <datafield tag="370" ind1=" " ind2=" ">
    <subfield code="e">Leeds (England)</subfield>
    <subfield code="2">naf</subfield>
  </datafield>
  <datafield tag="372" ind1=" " ind2=" ">
    <subfield code="a">Authorship</subfield>
    <subfield code="a">Public speaking</subfield>
    <subfield code="2">lcsh</subfield>
  </datafield>
  <datafield tag="373" ind1=" " ind2=" ">
    <subfield code="a">Leeds Faith in Schools (Charity)</subfield>
    <subfield code="a">Dayspring (Church : Leeds, England)</subfield>
    <subfield code="a">Professional Speaking Association. Yorkshire Region</subfield>
  </datafield>
  <datafield tag="374" ind1=" " ind2=" ">
    <subfield code="a">Authors</subfield>
    <subfield code="a">Motivational speakers</subfield>
    <subfield code="2">lcsh</subfield>
  </datafield>
  <datafield tag="375" ind1=" " ind2=" ">
    <subfield code="a">male</subfield>
  </datafield>
  <datafield tag="377" ind1=" " ind2=" ">
    <subfield code="a">eng</subfield>
  </datafield>
  <datafield tag="667" ind1=" " ind2=" ">
    <subfield code="a">Formerly on undifferentiated name record n84122663</subfield>
  </datafield>
  <datafield tag="670" ind1=" " ind2=" ">
    <subfield code="a">Effective schools work, 2003:</subfield>
    <subfield code="b">t.p. (Lee Jackson) back cover (has been a schools worker with Leeds Faith in Schools; is part of Dayspring, a pioneer church)</subfield>
  </datafield>
  <datafield tag="670" ind1=" " ind2=" ">
    <subfield code="a">How to be sick at school, 2011:</subfield>
    <subfield code="b">t.p. (Lee Jackson)</subfield>
  </datafield>
  <datafield tag="670" ind1=" " ind2=" ">
    <subfield code="a">E-mail from author, 29 March 2012</subfield>
    <subfield code="b">(Lee Jackson, born 8 May 1970; has also written Dead men walking, Cut to the chase and Cut to the chase 0.5)</subfield>
  </datafield>
  <datafield tag="670" ind1=" " ind2=" ">
    <subfield code="a">The business of professional speaking, 2013:</subfield>
    <subfield code="b">t.p. (Lee Jackson) p. 109 (motivational speaker, powerpoint surgeon, presentation coach; president of Professional Speaking Association, Yorkshire region)</subfield>
  </datafield>
  <datafield tag="670" ind1=" " ind2=" ">
    <subfield code="a">Lee Jackson www site, viewed 13 August 2014:</subfield>
    <subfield code="b">About Lee (lives in Leeds; has spent his life and work researching and speaking in settings such as prisons, schools, organisations and businesses; author of six books)</subfield>
  </datafield>
</record>